<record><leader>00000cas a2200000 a 4500</leader><controlfield tag="001">25806640</controlfield><controlfield tag="008">920513d18501863ncudr ne      0    0eng c</controlfield><datafield ind1=" " ind2=" " tag="010"><subfield code="a">sn 92073042 </subfield></datafield><datafield ind1=" " ind2=" " tag="040"><subfield code="a">NVJ</subfield><subfield code="b">eng</subfield><subfield code="c">NVJ</subfield><subfield code="d">CUI</subfield><subfield code="d">OCLCQ</subfield><subfield code="d">OCLCF</subfield></datafield><datafield ind1=" " ind2=" " tag="042"><subfield code="a">pcc</subfield></datafield><datafield ind1=" " ind2=" " tag="043"><subfield code="a">n-us-nc</subfield></datafield><datafield ind1=" " ind2="4" tag="050"><subfield code="a">AN</subfield></datafield><datafield ind1="0" ind2=" " tag="130"><subfield code="a">Daily register (Raleigh, N.C. : Daily)</subfield></datafield><datafield ind1="1" ind2="4" tag="245"><subfield code="a">The daily register.</subfield></datafield><datafield ind1=" " ind2=" " tag="260"><subfield code="a">Raleigh, N.C. :</subfield><subfield code="b">Seaton Gales</subfield></datafield><datafield ind1=" " ind2=" " tag="300"><subfield code="a">v.</subfield></datafield><datafield ind1=" " ind2=" " tag="310"><subfield code="a">Daily</subfield></datafield><datafield ind1="0" ind2=" " tag="362"><subfield code="a">Vol. 52, no. 1 (Nov. 19, 1850)-</subfield></datafield><datafield ind1="1" ind2=" " tag="362"><subfield code="a">Ceased in 1863.</subfield></datafield><datafield ind1=" " ind2=" " tag="580"><subfield code="a">Semiweekly eds.: The Raleigh register (Raleigh, N.C. : 1848 : Semiweekly), 1850-1852, and: The semi-weekly Raleigh register, 1852-&lt;1862&gt;.</subfield></datafield><datafield ind1=" " ind2="0" tag="651"><subfield code="a">Raleigh (N.C.)</subfield><subfield code="v">Newspapers.</subfield></datafield><datafield ind1=" " ind2="0" tag="651"><subfield code="a">Wake County (N.C.)</subfield><subfield code="v">Newspapers.</subfield></datafield><datafield ind1=" " ind2="7" tag="655"><subfield code="a">Newspapers.</subfield><subfield code="2">fast</subfield><subfield code="0">(OCoLC)fst01423814</subfield></datafield><datafield ind1=" " ind2="7" tag="651"><subfield code="a">North Carolina</subfield><subfield code="z">Raleigh.</subfield><subfield code="2">fast</subfield><subfield code="0">(OCoLC)fst01206341</subfield></datafield><datafield ind1=" " ind2="7" tag="651"><subfield code="a">North Carolina</subfield><subfield code="z">Wake County.</subfield><subfield code="2">fast</subfield><subfield code="0">(OCoLC)fst01204274</subfield></datafield><datafield ind1=" " ind2=" " tag="752"><subfield code="a">United States</subfield><subfield code="b">North Carolina</subfield><subfield code="c">Wake</subfield><subfield code="d">Raleigh.</subfield></datafield><datafield ind1="1" ind2=" " tag="775"><subfield code="t">Raleigh register (Raleigh, N.C. : 1848 : Semiweekly)</subfield><subfield code="w">(DLC)sn 85026584</subfield><subfield code="w">(OCoLC)10503691</subfield></datafield><datafield ind1="1" ind2=" " tag="775"><subfield code="t">Semiweekly Raleigh register</subfield><subfield code="w">(DLC)sn 85042137</subfield><subfield code="w">(OCoLC)11833284</subfield></datafield><datafield ind1="0" ind2="8" tag="776"><subfield code="i">Online version:</subfield><subfield code="t">Daily register (Raleigh, N.C. : Daily : Online)</subfield><subfield code="w">(OCoLC)608510106</subfield></datafield><datafield ind1="0" ind2="0" tag="785"><subfield code="t">Daily register (Petersburg, Va.)</subfield><subfield code="w">(DLC)sn 85025892</subfield><subfield code="w">(OCoLC)11968514</subfield></datafield></record>